<?xml version="1.0" encoding="UTF-8"?><collection xmlns="http://www.loc.gov/MARC21/slim"><record><leader>00534nam--2200181-u-4500</leader><controlfield tag="001">000054425</controlfield><controlfield tag="002">20161230</controlfield><controlfield tag="005">20161230201051</controlfield><controlfield tag="008">111208s1000------------r-----000-0-fre-d</controlfield><datafield ind1=" " ind2=" " tag="040"><subfield code="a">IFIN-HH</subfield></datafield><datafield ind1=" " ind2=" " tag="041"><subfield code="a">fre</subfield></datafield><datafield ind1=" " ind2=" " tag="080"><subfield code="a">53.12.162.5(043)</subfield></datafield><datafield ind1="1" ind2=" " tag="100"><subfield code="a">Goutte, Dominique</subfield></datafield><datafield ind1="1" ind2="0" tag="245"><subfield code="a">Diffusion inelastique d'electrons a haut transfert de moment sur le premier etat excite (jpi=3) de 208pb</subfield><subfield code="b">These</subfield><subfield code="c">Dominique goutte</subfield></datafield><datafield ind1=" " ind2=" " tag="260"><subfield code="a">Orsay</subfield><subfield code="b">Universite</subfield><subfield code="c">1979</subfield></datafield><datafield ind1=" " ind2=" " tag="300"><subfield code="a">87P</subfield></datafield><datafield ind1=" " ind2=" " tag="852"><subfield code="a">49818</subfield><subfield code="c">539.12</subfield></datafield><datafield ind1=" " ind2=" " tag="CAT"><subfield code="a">Sys</subfield><subfield code="c">20111208</subfield><subfield code="h">141333</subfield></datafield></record></collection>